<?xml version="1.0" encoding="UTF-8"?><collection xmlns="http://www.loc.gov/MARC21/slim"><record><leader>00363nam--2200133-i-4500</leader><controlfield tag="001">000020107</controlfield><controlfield tag="002">20161230</controlfield><controlfield tag="005">20161230201033</controlfield><controlfield tag="008">060222s1000------------r-----000-0-eng-d</controlfield><datafield ind1=" " ind2=" " tag="080"><subfield code="a">537.611.46</subfield></datafield><datafield ind1=" " ind2=" " tag="245"><subfield code="a">Ferromagnetismus</subfield></datafield><datafield ind1=" " ind2=" " tag="260"><subfield code="a">Leipzig, Akademische Verlagsgesellschart, 1957. 129 P</subfield></datafield><datafield ind1=" " ind2=" " tag="490"><subfield code="a">Physikalische Abhandlungen Aus Der Sowjetunion</subfield></datafield><datafield ind1=" " ind2=" " tag="852"><subfield code="a">4930</subfield></datafield></record></collection>